@article{matsuno1966quasi,
author = {Matsuno, Taroh},
title = {{Quasi-Geostrophic Motions in the Equatorial Area}},
journal = {Journal of the Meteorological Society of Japan Ser II},
year = {1966},
volume = {44},
number = {1},
pages = {25--43}
}

@article{heng2014analytical,
author = {Heng, Kevin and Workman, Jared},
title = {{Analytical models of exoplanetary atmospheres. I. Atmospheric dynamics via the shallow water system}},
journal = {Astrophysical Journal, Supplement Series},
year = {2014},
volume = {213},
number = {2},
pages = {27},
month = aug
}

@article{tsai2014three,
author = {Tsai, Shang Min and Dobbs-Dixon, Ian and Gu, Pin Gao},
title = {{Three-dimensional structures of equatorial waves and the resulting super-rotation in the atmosphere of a tidally locked hot Jupiter}},
journal = {Astrophysical Journal},
year = {2014},
volume = {793},
number = {2},
pages = {141},
month = oct
}

@article{wu2000vertical,
author = {Wu, Z and Sarachik, E S and Battisti, D S},
title = {{Vertical structure of convective heating and the three-dimensional structure of the forced circulation on an equatorial beta plane}},
journal = {Journal of the Atmospheric Sciences},
year = {2000},
volume = {57},
number = {13},
pages = {2169--2187},
month = jul
}

@article{boyd1978shearI,
author = {Boyd, John P},
title = {{The Effects of Latitudinal Shear on Equatorial Waves. Past I: Theory and Methods.}},
journal = {Journal of Atmospheric Sciences},
year = {1978},
volume = {35},
number = {1},
pages = {2236--2258},
month = dec
}

@article{wang2016hough,
author = {Wang, Houjun and Boyd, John P and Akmaev, Rashid A},
title = {{On computation of Hough functions}},
journal = {Geoscientific Model Development},
year = {2016},
volume = {9},
number = {4},
pages = {1477--1488},
month = apr
}

@article{showman2011superrotation,
author = {Showman, Adam P and Polvani, Lorenzo M},
title = {{Equatorial Superrotation on Tidally Locked Exoplanets}},
journal = {The Astrophysical Journal},
year = {2011},
volume = {738},
number = {1},
pages = {71},
month = sep
}

@article{showman2015circulation,
author = {Showman, Adam P and Lewis, Nikole K and Fortney, Jonathan J},
title = {{Three-dimensional atmospheric circulation of warm and hot jupiters: Effects of orbital distance, rotation period, and nonsynchronous rotation}},
journal = {Astrophysical Journal},
year = {2015},
volume = {801},
number = {2},
pages = {95},
month = mar
}

@article{zhang2017dynamics,
author = {Zhang, Xi and Showman, Adam P},
title = {{Effects of Bulk Composition on the Atmospheric Dynamics on Close-in Exoplanets}},
journal = {The Astrophysical Journal},
year = {2017},
volume = {836},
number = {1},
pages = {73},
month = feb
}

@article{komacek2016daynightI,
author = {Komacek, Thaddeus D and Showman, Adam P},
title = {{Atmospheric Circulation of Hot Jupiters: Dayside-Nightside Temperature Differences}},
journal = {The Astrophysical Journal},
year = {2016},
volume = {821},
number = {1},
pages = {16},
month = apr
}

@article{komacek2017daynightII,
author = {Komacek, Thaddeus D and Showman, Adam P and Tan, Xianyu},
title = {{Atmospheric Circulation of Hot Jupiters: Dayside-Nightside Temperature Differences. II. Comparison with Observations}},
journal = {The Astrophysical Journal},
year = {2017},
volume = {835},
number = {2},
pages = {198},
month = feb
}

@article{yang2013clouds,
author = {Yang, Jun and Cowan, Nicolas B and Abbot, Dorian S},
title = {{Stabilizing cloud feedback dramatically expands the habitable zone of tidally locked planets}},
journal = {Astrophysical Journal Letters},
year = {2013},
volume = {771},
number = {2},
pages = {L45},
month = jul
}

@article{kite2011instability,
author = {Kite, Edwin S and Gaidos, Eric and Manga, Michael},
title = {{Climate Instability on Tidally Locked Exoplanets}},
journal = {The Astrophysical Journal},
year = {2011},
volume = {743},
number = {1},
pages = {41},
month = dec
}

@article{kopparapu2017moist,
author = {Kopparapu, Ravi Kumar and Wolf, Eric T and Arney, Giada and Batalha, Natasha E and Haqq-Misra, Jacob and Grimm, Simon L and Heng, Kevin},
title = {{Habitable Moist Atmospheres on Terrestrial Planets near the Inner Edge of the Habitable Zone around M Dwarfs}},
journal = {The Astrophysical Journal},
year = {2017},
volume = {845},
number = {1},
pages = {5},
month = aug
}

@article{haqqmisra2018regimes,
author = {Haqq-Misra, Jacob and Wolf, Eric T and Joshi, Manoj and Zhang, Xi and Kopparapu, Ravi kumar},
title = {{Demarcating Circulation Regimes of Synchronously Rotating Terrestrial Planets within the Habitable Zone}},
journal = {The Astrophysical Journal},
year = {2018},
volume = {852},
number = {2},
pages = {67},
month = jan
}

@article{carone2015regimes,
author = {Carone, L and Keppens, R and Decin, L},
title = {{Connecting the dots - II. Phase changes in the climate dynamics of tidally locked terrestrial exoplanets}},
journal = {Monthly Notices of the Royal Astronomical Society},
year = {2015},
volume = {453},
number = {3},
pages = {2412--2437},
month = nov
}


@article{heng2015review,
author = {Heng, Kevin and Showman, Adam P},
title = {{Atmospheric Dynamics of Hot Exoplanets}},
journal = {Annual Review of Earth and Planetary Sciences},
year = {2015},
volume = {43},
number = {1},
pages = {509--540},
month = may
}

@article{showman2012review,
author = {Showman, A P and Wordsworth, R D and Merlis, T M},
title = {{Atmospheric Circulation of Terrestrial Exoplanets}},
journal = {Comparative Climatology of Terrestrial Planets},
year = {2012},
volume = {1675},
pages = {8090},
month = jun
}

@article{pierrehumbert2018review,
author = {Pierrehumbert, R. T., and Hammond, M.},
title = {{Atmospheric circulation of tide-locked exoplanets}},
journal = {Annual Reviews, Submitted},
year = {2018}
}

@article{hammond2017climate,
author = {Hammond, Mark and Pierrehumbert, Raymond T},
title = {{Linking the Climate and Thermal Phase Curve of 55 Cancri e}},
journal = {The Astrophysical Journal},
year = {2017},
volume = {849},
number = {2},
pages = {152},
month = nov
}

@article{arnold2012superrotation,
author = {Arnold, Nathan P and Tziperman, Eli and Farrell, Brian},
title = {{Abrupt Transition to Strong Superrotation Driven by Equatorial Wave Resonance in an Idealized GCM}},
journal = {Journal of the Atmospheric Sciences},
year = {2012},
volume = {69},
number = {2},
pages = {626--640},
month = feb
}

@book{boyd2000spectral,
author = {Boyd, John P},
title = {{Chebyshev {\&} Fourier Spectral Methods}},
publisher = {Springer},
year = {2000}
}

@article{andrews1976acceleration,
author = {Andrews, D G and McIntyre, M E},
title = {{Planetary Waves in Horizontal and Vertical Shear: The Generalized Eliassen-Palm Relation and the Mean Zonal Acceleration.}},
journal = {Journal of Atmospheric Sciences},
year = {1976},
volume = {33},
number = {1},
pages = {2031--2048},
month = nov
}

@book{boyd2017equatorial,
author = {Boyd, John P},
title = {{Dynamics of the Equatorial Ocean}},
publisher = {Springer},
year = {2017}
}

@article{ribstein2014instability,
author = {Ribstein, Bruno and Zeitlin, Vladimir and Tissier, Ann-Sophie},
title = {{Barotropic, baroclinic, and inertial instabilities of the easterly Gaussian jet on the equatorial $\beta$-plane in rotating shallow water model}},
journal = {Physics of Fluids},
year = {2014},
volume = {26},
number = {5},
pages = {056605},
month = may
}

@article{iga2005spherical,
author = {Iga, Shin-Ichi and Matsuda, Yoshihisa},
title = {{Shear Instability in a Shallow Water Model with Implications for the Venus Atmosphere.}},
journal = {Journal of Atmospheric Sciences},
year = {2005},
volume = {62},
number = {7},
pages = {2514--2527},
month = jul
}

@article{noda2017circulation,
author = {Noda, S and Ishiwatari, M and Nakajima, K and Takahashi, Y O and Takehiro, S and Onishi, M and Hashimoto, G L and Kuramoto, K and Hayashi, Y Y},
title = {{The circulation pattern and day-night heat transport in the atmosphere of a synchronously rotating aquaplanet: Dependence on planetary rotation rate}},
journal = {Icarus},
year = {2017},
volume = {282},
pages = {1--18},
month = jan
}

@article{vallis2006book,
author = {Vallis, Geoffrey K},
title = {{Atmospheric and Oceanic Fluid Dynamics}},
journal = {Atmospheric and Oceanic Fluid Dynamics},
year = {2006},
pages = {770--},
month = nov
}

@article{louden2015winds,
author = {Louden, Tom and Wheatley, Peter J},
title = {{Spatially Resolved Eastward Winds and Rotation of HD 189733b}},
journal = {The Astrophysical Journal Letters},
year = {2015},
volume = {814},
number = {2},
pages = {L24},
month = dec
}

@article{wang1996shear,
author = {Wang, Bin and Xie, Xiaosu},
title = {{Low-Frequency Equatorial Waves in Vertically Sheared Zonal Flow. Part I: Stable Waves.}},
journal = {Journal of Atmospheric Sciences},
year = {1996},
volume = {53},
number = {3},
pages = {449--467},
month = feb
}

@article{dikpati2001spherical,
author = {Dikpati, M and Gilman, P A},
title = {{Analysis of hydrodynamic stability of solar tachocline latitudinal differential rotation using a shallow-water model}},
journal = {The Astrophysical Journal},
year = {2001},
volume = {551},
number = {1},
pages = {536--564}
}

@article{lee2016clouds,
author = {Lee, G and Dobbs-Dixon, I and Helling, Ch and Bognar, K and Woitke, P},
title = {{Dynamic mineral clouds on HD 189733b. I. 3D RHD with kinetic, non-equilibrium cloud formation}},
journal = {Astronomy {\&} Astrophysics},
year = {2016},
volume = {594},
pages = {A48},
month = oct
}

@article{instability2012polichtchouk,
author = {Polichtchouk, I and Cho, J Y K},
title = {{Baroclinic instability on hot extrasolar planets}},
journal = {Monthly Notices of the Royal Astronomical Society},
year = {2012},
volume = {424},
number = {2},
pages = {1307--1326},
month = aug
}

@article{andrews1978accn,
author = {Andrews, D G and McIntyre, M E},
title = {{Generalized Eliassen-Palm and Charney-Drazin Theorems for Waves on Axisymmetric Mean Flows in Compressible Atmospheres}},
journal = {Journal of the Atmospheric Sciences},
year = {1978},
volume = {35},
number = {2},
pages = {175--185}
}

@article{parmentier2017handbook,
author = {Parmentier, Vivien and Crossfield, Ian J M},
title = {{Exoplanet Phase Curves: Observations and Theory}},
journal = {Handbook of Exoplanets},
year = {2017},
volume = {564},
number = {7},
pages = {116--22},
month = n/a
}

@article{crossfield2015observations,
author = {Crossfield, Ian J M},
title = {{Observations of Exoplanet Atmospheres}},
journal = {Publications of the Astronomical Society of the Pacific},
year = {2015},
volume = {127},
number = {9},
pages = {941--},
month = oct
}

@article{gill1980solutions,
author = {Gill, A E},
title = {{Some simple solutions for heat-induced tropical circulation}},
journal = {Quarterly Journal of the Royal Meteorological Society},
year = {1980},
volume = {106},
number = {449},
pages = {447--462},
month = jul
}

@article{demory201655cnce,
author = {Demory, Brice-Olivier and Gillon, Michael and de Wit, Julien and Madhusudhan, Nikku and Bolmont, Emeline and Heng, Kevin and Kataria, Tiffany and Lewis, Nikole and Hu, Renyu and Krick, Jessica and Stamenkovi{\'c}, Vlada and Benneke, Bj{\"o}rn and Kane, Stephen and Queloz, Didier},
title = {{A map of the large day{\textendash}night temperature gradient of a super-Earth exoplanet}},
journal = {Nature},
year = {2016},
volume = {532},
number = {7598},
pages = {207--209},
month = mar
}

@article{Edwards1996socrates,
author = {Edwards, J M and Slingo, A},
title = {{Studies with a flexible new radiation code. I: Choosing a configuration for a large-scale model}},
journal = {Quarterly Journal of the Royal {\ldots}},
year = {1996}
}

@article{tennyson2018exomol,
author = {Tennyson, Jonathan and Yurchenko, Sergei},
title = {{The ExoMol Atlas of Molecular Opacities}},
journal = {Atoms},
year = {2018},
volume = {6},
number = {2},
pages = {26--},
month = may
}

@article{knutson2007map,
author = {Knutson, Heather A and Charbonneau, David and Allen, Lori E and Fortney, Jonathan J and Agol, Eric and Cowan, Nicolas B and Showman, Adam P and Cooper, Curtis S and Megeath, S Thomas},
title = {{A map of the day-night contrast of the extrasolar planet HD 189733b.}},
journal = {Nature},
year = {2007},
volume = {447},
number = {7141},
pages = {183--186},
month = may
}

@article{mayne2017hotjupiter,
author = {Mayne, Nathan J and Debras, Florian and Baraffe, Isabelle and Thuburn, John and Amundsen, David S and Acreman, David M and Smith, Chris and Browning, Matthew K and Manners, James and Wood, Nigel},
title = {{Results from a set of three-dimensional numerical experiments of a hot Jupiter atmosphere}},
journal = {Astronomy {\&} Astrophysics},
year = {2017},
volume = {604},
pages = {A79},
month = aug
}

@inproceedings{staniforth2013gungho,
  title={Gungho! a new dynamical core for the unified model},
  author={Staniforth, Andrew and Melvin, Thomas and Wood, Nigel},
  journal = { Proc. ECMWF Workshop on Recent Developments in Numerical Methods for Atmosphere and Ocean Modelling},
  year = {2013}
}

@article{ronchi1996cubed,
author = {Ronchi, C and Iacono, R and Paolucci, P S},
title = {{The ``Cubed Sphere'': A New Method for the Solution of Partial Differential Equations in Spherical Geometry}},
journal = {Journal of Computational Physics},
year = {1996},
volume = {124},
number = {1},
pages = {93--114},
month = mar
}

@article{putman2007cubed,
author = {Putman, William M and Lin, Shian-Jiann},
title = {{Finite-volume transport on various cubed-sphere grids}},
journal = {Journal of Computational Physics},
year = {2007},
volume = {227},
number = {1},
pages = {55--78},
month = nov
}

@article{polichtchouk2014inter,
author = {Polichtchouk, I and Cho, J Y K and Watkins, C and Thrastarson, H Th and Umurhan, O M and De La Torre Ju{\'a}rez, M},
title = {{Intercomparison of general circulation models for hot extrasolar planets}},
journal = {Icarus},
year = {2014},
volume = {229},
pages = {355--377},
month = feb
}

@article{boulanger1995propagation,
  title={Propagation and reflection of long equatorial waves in the Pacific Ocean during the 1992--1993 El Nino},
  author={Boulanger, Jean-Philippe and Menkes, Christophe},
  journal={Journal of Geophysical Research: Oceans},
  volume={100},
  number={C12},
  pages={25041--25059},
  year={1995},
  publisher={Wiley Online Library}
}

@article{koll2015phasecurves,
author = {Koll, Daniel D B and Abbot, Dorian S},
title = {{DECIPHERING THERMAL PHASE CURVES OF DRY, TIDALLY LOCKED TERRESTRIAL PLANETS}},
journal = {The Astrophysical Journal},
year = {2015},
volume = {802},
number = {1},
pages = {21},
month = mar
}

@article{angelo201755cnce,
author = {Angelo, Isabel and Hu, Renyu},
title = {{A Case for an Atmosphere on Super-Earth 55 Cancri e}},
journal = {The Astronomical Journal},
year = {2017},
volume = {154},
number = {6},
pages = {232},
month = dec
}

@article{lebonnois2012momentum,
author = {Lebonnois, S{\'e}bastien and Covey, Curt and Grossman, Allen and Parish, Helen and Schubert, Gerald and Walterscheid, Richard and Lauritzen, Peter and Jablonowski, Christiane},
title = {{Angular momentum budget in General Circulation Models of superrotating atmospheres: A critical diagnostic}},
journal = {Journal of Geophysical Research},
year = {2012},
volume = {117},
number = {E},
pages = {E12004--n/a},
month = dec
}

@article{amundsen2017socrates,
author = {Amundsen, David S and Tremblin, Pascal and Manners, James and Baraffe, Isabelle and Mayne, Nathan J},
title = {{Treatment of overlapping gaseous absorption with the correlated-k method in hot Jupiter and brown dwarf atmosphere models}},
journal = {Astronomy {\&} Astrophysics},
year = {2017},
volume = {598},
pages = {A97},
month = feb
}

@inproceedings{tinetti2016ariel,
author = {Tinetti, G and Drossart, P and Eccleston, P and Hartogh, P and Heske, A and Leconte, J and Micela, G and Ollivier, M and Pilbratt, G and Puig, L and Turrini, D and Vandenbussche, B and Wolkenberg, P and Pascale, E and Beaulieu, J P and G{\"u}del, M and Min, M and Rataj, M and Ray, T and Ribas, I and Barstow, J and Bowles, N and Coustenis, A and Coud{\'e} du Foresto, V and Decin, L and Encrenaz, T and Forget, F and Friswell, M and Griffin, M and Lagage, P O and Malaguti, P and Moneti, A and Morales, J C and Pace, E and Rocchetto, M and Sarkar, S and Selsis, F and Taylor, W and Tennyson, J and Venot, O and Waldmann, I P and Wright, G and Zingales, T and Zapatero-Osorio, M R},
title = {{The science of ARIEL (Atmospheric Remote-sensing Infrared Exoplanet Large-survey)}},
booktitle = {Proceedings of the SPIE},
year = {2016},
editor = {MacEwen, Howard A and Fazio, Giovanni G and Lystrup, Makenzie and Batalha, Natalie and Siegler, Nicholas and Tong, Edward C},
pages = {99041X},
organization = {Univ. College London (United Kingdom)},
publisher = {SPIE},
month = jul
}

@article{mayne2017hot,
author = {Mayne, Nathan J and Debras, Florian and Baraffe, Isabelle and Thuburn, John and Amundsen, David S and Acreman, David M and Smith, Chris and Browning, Matthew K and Manners, James and Wood, Nigel},
title = {{Results from a set of three-dimensional numerical experiments of a hot Jupiter atmosphere}},
journal = {Astronomy {\&} Astrophysics},
year = {2017},
volume = {604},
pages = {A79},
month = aug
}

@article{winn201155cnce,
author = {Winn, Joshua N and Matthews, Jaymie M and Dawson, Rebekah I and Fabrycky, Daniel and Holman, Matthew J and Kallinger, Thomas and Kuschnig, Rainer and Sasselov, Dimitar and Dragomir, Diana and Guenther, David B and Moffat, Anthony F J and Rowe, Jason F and Rucinski, Slavek and Weiss, Werner W},
title = {{A Super-Earth Transiting a Naked-Eye Star
}},
journal = {The Astrophysical Journal},
year = {2011},
volume = {737},
number = {1},
pages = {L18},
month = aug
}

@article{demory201155cnce,
author = {Demory, B O and Gillon, M and Deming, D and Valencia, D and Seager, S and Benneke, B and Lovis, C and Cubillos, P and Harrington, J and Stevenson, K B and Mayor, M and Pepe, F and Queloz, D and S{\'e}gransan, D and Udry, S},
title = {{Detection of a transit of the super-Earth 55 Cancri e with warm~ Spitzer}},
journal = {Astronomy {\&} Astrophysics},
year = {2011},
volume = {533},
pages = {A114},
month = sep
}

@article{showman2010superrotation,
author = {Showman, Adam P and Polvani, Lorenzo M},
title = {{The Matsuno-Gill model and equatorial superrotation}},
journal = {Geophysical Research Letters},
year = {2010},
volume = {37},
number = {1},
pages = {L18811--n/a},
month = sep
}

@article{shell2004superrotation,
author = {Shell, Karen M and Held, Isaac M},
title = {{Abrupt Transition to Strong Superrotation in an Axisymmetric Model of the Upper Troposphere.}},
journal = {Journal of Atmospheric Sciences},
year = {2004},
volume = {61},
number = {2},
pages = {2928--2935},
month = dec
}

@article{hammond2018wavemean,
author = {Hammond, Mark and Pierrehumbert, Raymond T},
title = {{Wave-Mean Flow Interactions in the Atmospheric Circulation of Tidally Locked Planets}},
journal = {The Astrophysical Journal},
year = {2018},
volume = {869},
number = {1},
pages = {65},
month = dec
}

@article{thuburn1999zonalmean,
author = {Thuburn, John and Lagneau, Vincent},
title = {{Eulerian Mean, Contour Integral, and Finite-Amplitude Wave Activity Diagnostics Applied to a Single-Layer Model of the Winter Stratosphere.}},
journal = {Journal of Atmospheric Sciences},
year = {1999},
volume = {56},
number = {5},
pages = {689--710},
month = mar
}
