@ARTICLE{matsuno1966quasi,
  AUTHOR = {Matsuno, Taroh},
  DATE = {1966},
  JOURNALTITLE = {Journal of the Meteorological Society of Japan Ser II},
  NUMBER = {1},
  PAGES = {25--43},
  TITLE = {{Quasi-Geostrophic Motions in the Equatorial Area}},
  VOLUME = {44},
}

@ARTICLE{heng2014analytical,
  AUTHOR = {Heng, Kevin and Workman, Jared},
  DATE = {2014-08},
  JOURNALTITLE = {Astrophysical Journal, Supplement Series},
  NUMBER = {2},
  PAGES = {27},
  TITLE = {{Analytical models of exoplanetary atmospheres. I. Atmospheric dynamics via the shallow water system}},
  VOLUME = {213},
}

@ARTICLE{tsai2014three,
  AUTHOR = {Tsai, Shang Min and Dobbs-Dixon, Ian and Gu, Pin Gao},
  DATE = {2014-10},
  JOURNALTITLE = {Astrophysical Journal},
  NUMBER = {2},
  PAGES = {141},
  TITLE = {{Three-dimensional structures of equatorial waves and the resulting super-rotation in the atmosphere of a tidally locked hot Jupiter}},
  VOLUME = {793},
}

@ARTICLE{wu2000vertical,
  AUTHOR = {Wu, Z and Sarachik, E S and Battisti, D S},
  DATE = {2000-07},
  JOURNALTITLE = {Journal of the Atmospheric Sciences},
  NUMBER = {13},
  PAGES = {2169--2187},
  TITLE = {{Vertical structure of convective heating and the three-dimensional structure of the forced circulation on an equatorial beta plane}},
  VOLUME = {57},
}

@ARTICLE{boyd1978shearI,
  AUTHOR = {Boyd, John P},
  DATE = {1978-12},
  JOURNALTITLE = {Journal of Atmospheric Sciences},
  NUMBER = {1},
  PAGES = {2236--2258},
  TITLE = {{The Effects of Latitudinal Shear on Equatorial Waves. Past I: Theory and Methods.}},
  VOLUME = {35},
}

@ARTICLE{wang2016hough,
  AUTHOR = {Wang, Houjun and Boyd, John P and Akmaev, Rashid A},
  DATE = {2016-04},
  JOURNALTITLE = {Geoscientific Model Development},
  NUMBER = {4},
  PAGES = {1477--1488},
  TITLE = {{On computation of Hough functions}},
  VOLUME = {9},
}

@ARTICLE{showman2011superrotation,
  AUTHOR = {Showman, Adam P and Polvani, Lorenzo M},
  DATE = {2011-09},
  JOURNALTITLE = {The Astrophysical Journal},
  NUMBER = {1},
  PAGES = {71},
  TITLE = {{Equatorial Superrotation on Tidally Locked Exoplanets}},
  VOLUME = {738},
}

@ARTICLE{showman2015circulation,
  AUTHOR = {Showman, Adam P and Lewis, Nikole K and Fortney, Jonathan J},
  DATE = {2015-03},
  JOURNALTITLE = {Astrophysical Journal},
  NUMBER = {2},
  PAGES = {95},
  TITLE = {{Three-dimensional atmospheric circulation of warm and hot jupiters: Effects of orbital distance, rotation period, and nonsynchronous rotation}},
  VOLUME = {801},
}

@ARTICLE{zhang2017dynamics,
  AUTHOR = {Zhang, Xi and Showman, Adam P},
  DATE = {2017-02},
  JOURNALTITLE = {The Astrophysical Journal},
  NUMBER = {1},
  PAGES = {73},
  TITLE = {{Effects of Bulk Composition on the Atmospheric Dynamics on Close-in Exoplanets}},
  VOLUME = {836},
}

@ARTICLE{komacek2016daynightI,
  AUTHOR = {Komacek, Thaddeus D and Showman, Adam P},
  DATE = {2016-04},
  JOURNALTITLE = {The Astrophysical Journal},
  NUMBER = {1},
  PAGES = {16},
  TITLE = {{Atmospheric Circulation of Hot Jupiters: Dayside-Nightside Temperature Differences}},
  VOLUME = {821},
}

@ARTICLE{komacek2017daynightII,
  AUTHOR = {Komacek, Thaddeus D and Showman, Adam P and Tan, Xianyu},
  DATE = {2017-02},
  JOURNALTITLE = {The Astrophysical Journal},
  NUMBER = {2},
  PAGES = {198},
  TITLE = {{Atmospheric Circulation of Hot Jupiters: Dayside-Nightside Temperature Differences. II. Comparison with Observations}},
  VOLUME = {835},
}

@ARTICLE{yang2013clouds,
  AUTHOR = {Yang, Jun and Cowan, Nicolas B and Abbot, Dorian S},
  DATE = {2013-07},
  JOURNALTITLE = {Astrophysical Journal Letters},
  NUMBER = {2},
  PAGES = {L45},
  TITLE = {{Stabilizing cloud feedback dramatically expands the habitable zone of tidally locked planets}},
  VOLUME = {771},
}

@ARTICLE{carone2015regimes,
  AUTHOR = {Carone, L and Keppens, R and Decin, L},
  DATE = {2015-11},
  JOURNALTITLE = {Monthly Notices of the Royal Astronomical Society},
  NUMBER = {3},
  PAGES = {2412--2437},
  TITLE = {{Connecting the dots - II. Phase changes in the climate dynamics of tidally locked terrestrial exoplanets}},
  VOLUME = {453},
}

@ARTICLE{heng2015review,
  AUTHOR = {Heng, Kevin and Showman, Adam P},
  DATE = {2015-05},
  JOURNALTITLE = {Annual Review of Earth and Planetary Sciences},
  NUMBER = {1},
  PAGES = {509--540},
  TITLE = {{Atmospheric Dynamics of Hot Exoplanets}},
  VOLUME = {43},
}

@ARTICLE{showman2012review,
  AUTHOR = {Showman, A P and Wordsworth, R D and Merlis, T M},
  DATE = {2012-06},
  JOURNALTITLE = {Comparative Climatology of Terrestrial Planets},
  PAGES = {8090},
  TITLE = {{Atmospheric Circulation of Terrestrial Exoplanets}},
  VOLUME = {1675},
}

@ARTICLE{pierrehumbert2018review,
  AUTHOR = {Pierrehumbert, R. T. and Hammond, M.},
  DATE = {2018},
  JOURNALTITLE = {Annual Reviews, Submitted},
  TITLE = {{Atmospheric circulation of tide-locked exoplanets}},
}

@ARTICLE{hammond2017climate,
  AUTHOR = {Hammond, Mark and Pierrehumbert, Raymond T},
  DATE = {2017-11},
  JOURNALTITLE = {The Astrophysical Journal},
  NUMBER = {2},
  PAGES = {152},
  TITLE = {{Linking the Climate and Thermal Phase Curve of 55 Cancri e}},
  VOLUME = {849},
}

@ARTICLE{arnold2012superrotation,
  AUTHOR = {Arnold, Nathan P and Tziperman, Eli and Farrell, Brian},
  DATE = {2012-02},
  JOURNALTITLE = {Journal of the Atmospheric Sciences},
  NUMBER = {2},
  PAGES = {626--640},
  TITLE = {{Abrupt Transition to Strong Superrotation Driven by Equatorial Wave Resonance in an Idealized GCM}},
  VOLUME = {69},
}

@BOOK{boyd2000spectral,
  AUTHOR = {Boyd, John P},
  PUBLISHER = {Springer},
  DATE = {2000},
  TITLE = {{Chebyshev {\&} Fourier Spectral Methods}},
}

@ARTICLE{andrews1976acceleration,
  AUTHOR = {Andrews, D G and McIntyre, M E},
  DATE = {1976-11},
  JOURNALTITLE = {Journal of Atmospheric Sciences},
  NUMBER = {1},
  PAGES = {2031--2048},
  TITLE = {{Planetary Waves in Horizontal and Vertical Shear: The Generalized Eliassen-Palm Relation and the Mean Zonal Acceleration.}},
  VOLUME = {33},
}

@BOOK{boyd2017equatorial,
  AUTHOR = {Boyd, John P},
  PUBLISHER = {Springer},
  DATE = {2017},
  TITLE = {{Dynamics of the Equatorial Ocean}},
}

@ARTICLE{ribstein2014instability,
  AUTHOR = {Ribstein, Bruno and Zeitlin, Vladimir and Tissier, Ann-Sophie},
  DATE = {2014-05},
  JOURNALTITLE = {Physics of Fluids},
  NUMBER = {5},
  PAGES = {056605},
  TITLE = {{Barotropic, baroclinic, and inertial instabilities of the easterly Gaussian jet on the equatorial $\beta$-plane in rotating shallow water model}},
  VOLUME = {26},
}

@ARTICLE{iga2005spherical,
  AUTHOR = {Iga, Shin-Ichi and Matsuda, Yoshihisa},
  DATE = {2005-07},
  JOURNALTITLE = {Journal of Atmospheric Sciences},
  NUMBER = {7},
  PAGES = {2514--2527},
  TITLE = {{Shear Instability in a Shallow Water Model with Implications for the Venus Atmosphere.}},
  VOLUME = {62},
}

@ARTICLE{noda2017circulation,
  AUTHOR = {Noda, S and Ishiwatari, M and Nakajima, K and Takahashi, Y O and Takehiro, S and Onishi, M and Hashimoto, G L and Kuramoto, K and Hayashi, Y Y},
  DATE = {2017-01},
  JOURNALTITLE = {Icarus},
  PAGES = {1--18},
  TITLE = {{The circulation pattern and day-night heat transport in the atmosphere of a synchronously rotating aquaplanet: Dependence on planetary rotation rate}},
  VOLUME = {282},
}

@ARTICLE{vallis2006book,
  AUTHOR = {Vallis, Geoffrey K},
  DATE = {2006-11},
  JOURNALTITLE = {Atmospheric and Oceanic Fluid Dynamics},
  PAGES = {770--},
  TITLE = {{Atmospheric and Oceanic Fluid Dynamics}},
}

@ARTICLE{wang1996shear,
  AUTHOR = {Wang, Bin and Xie, Xiaosu},
  DATE = {1996-02},
  JOURNALTITLE = {Journal of Atmospheric Sciences},
  NUMBER = {3},
  PAGES = {449--467},
  TITLE = {{Low-Frequency Equatorial Waves in Vertically Sheared Zonal Flow. Part I: Stable Waves.}},
  VOLUME = {53},
}

@ARTICLE{dikpati2001spherical,
  AUTHOR = {Dikpati, M and Gilman, P A},
  DATE = {2001},
  JOURNALTITLE = {The Astrophysical Journal},
  NUMBER = {1},
  PAGES = {536--564},
  TITLE = {{Analysis of hydrodynamic stability of solar tachocline latitudinal differential rotation using a shallow-water model}},
  VOLUME = {551},
}

@ARTICLE{instability2012polichtchouk,
  AUTHOR = {Polichtchouk, I and Cho, J Y K},
  DATE = {2012-08},
  JOURNALTITLE = {Monthly Notices of the Royal Astronomical Society},
  NUMBER = {2},
  PAGES = {1307--1326},
  TITLE = {{Baroclinic instability on hot extrasolar planets}},
  VOLUME = {424},
}

@ARTICLE{andrews1978accn,
  AUTHOR = {Andrews, D G and McIntyre, M E},
  DATE = {1978},
  JOURNALTITLE = {Journal of the Atmospheric Sciences},
  NUMBER = {2},
  PAGES = {175--185},
  TITLE = {{Generalized Eliassen-Palm and Charney-Drazin Theorems for Waves on Axisymmetric Mean Flows in Compressible Atmospheres}},
  VOLUME = {35},
}

@ARTICLE{parmentier2017handbook,
  AUTHOR = {Parmentier, Vivien and Crossfield, Ian J M},
  DATE = {2017},
  JOURNALTITLE = {Handbook of Exoplanets},
  NUMBER = {7},
  PAGES = {116--22},
  TITLE = {{Exoplanet Phase Curves: Observations and Theory}},
  VOLUME = {564},
}

@ARTICLE{crossfield2015observations,
  AUTHOR = {Crossfield, Ian J M},
  DATE = {2015-10},
  JOURNALTITLE = {Publications of the Astronomical Society of the Pacific},
  NUMBER = {9},
  PAGES = {941--},
  TITLE = {{Observations of Exoplanet Atmospheres}},
  VOLUME = {127},
}

@ARTICLE{gill1980solutions,
  AUTHOR = {Gill, A E},
  DATE = {1980-07},
  JOURNALTITLE = {Quarterly Journal of the Royal Meteorological Society},
  NUMBER = {449},
  PAGES = {447--462},
  TITLE = {{Some simple solutions for heat-induced tropical circulation}},
  VOLUME = {106},
}

@ARTICLE{demory201655cnce,
  AUTHOR = {Demory, Brice-Olivier and Gillon, Michael and de Wit, Julien and Madhusudhan, Nikku and Bolmont, Emeline and Heng, Kevin and Kataria, Tiffany and Lewis, Nikole and Hu, Renyu and Krick, Jessica and Stamenkovi{ć}, Vlada and Benneke, Bj{ö}rn and Kane, Stephen and Queloz, Didier},
  DATE = {2016-03},
  JOURNALTITLE = {Nature},
  NUMBER = {7598},
  PAGES = {207--209},
  TITLE = {{A map of the large day{–}night temperature gradient of a super-Earth exoplanet}},
  VOLUME = {532},
}

@ARTICLE{edwards1996socrates,
  AUTHOR = {Edwards, J M and Slingo, A},
  DATE = {1996},
  JOURNALTITLE = {Quarterly Journal of the Royal {\ldots}},
  TITLE = {{Studies with a flexible new radiation code. I: Choosing a configuration for a large-scale model}},
}

@ARTICLE{mayne2017hotjupiter,
  AUTHOR = {Mayne, Nathan J and Debras, Florian and Baraffe, Isabelle and Thuburn, John and Amundsen, David S and Acreman, David M and Smith, Chris and Browning, Matthew K and Manners, James and Wood, Nigel},
  DATE = {2017-08},
  JOURNALTITLE = {Astronomy {\&} Astrophysics},
  PAGES = {A79},
  TITLE = {{Results from a set of three-dimensional numerical experiments of a hot Jupiter atmosphere}},
  VOLUME = {604},
}

@ARTICLE{putman2007cubed,
  AUTHOR = {Putman, William M and Lin, Shian-Jiann},
  DATE = {2007-11},
  JOURNALTITLE = {Journal of Computational Physics},
  NUMBER = {1},
  PAGES = {55--78},
  TITLE = {{Finite-volume transport on various cubed-sphere grids}},
  VOLUME = {227},
}

@ARTICLE{boulanger1995propagation,
  AUTHOR = {Boulanger, Jean-Philippe and Menkes, Christophe},
  PUBLISHER = {Wiley Online Library},
  DATE = {1995},
  JOURNALTITLE = {Journal of Geophysical Research: Oceans},
  NUMBER = {C12},
  PAGES = {25041--25059},
  TITLE = {Propagation and reflection of long equatorial waves in the Pacific Ocean during the 1992--1993 El Nino},
  VOLUME = {100},
}

@ARTICLE{koll2015phasecurves,
  AUTHOR = {Koll, Daniel D B and Abbot, Dorian S},
  DATE = {2015-03},
  JOURNALTITLE = {The Astrophysical Journal},
  NUMBER = {1},
  PAGES = {21},
  TITLE = {{Deciphering thermal phase curves of dry, tidally locked terrestrial planets}},
  VOLUME = {802},
}

@ARTICLE{angelo201755cnce,
  AUTHOR = {Angelo, Isabel and Hu, Renyu},
  DATE = {2017-12},
  JOURNALTITLE = {The Astronomical Journal},
  NUMBER = {6},
  PAGES = {232},
  TITLE = {{A Case for an Atmosphere on Super-Earth 55 Cancri e}},
  VOLUME = {154},
}

@ARTICLE{lebonnois2012momentum,
  AUTHOR = {Lebonnois, S{é}bastien and Covey, Curt and Grossman, Allen and Parish, Helen and Schubert, Gerald and Walterscheid, Richard and Lauritzen, Peter and Jablonowski, Christiane},
  DATE = {2012-12},
  JOURNALTITLE = {Journal of Geophysical Research},
  NUMBER = {E},
  PAGES = {E12004--n/a},
  TITLE = {{Angular momentum budget in General Circulation Models of superrotating atmospheres: A critical diagnostic}},
  VOLUME = {117},
}

@ARTICLE{amundsen2017socrates,
  AUTHOR = {Amundsen, David S and Tremblin, Pascal and Manners, James and Baraffe, Isabelle and Mayne, Nathan J},
  DATE = {2017-02},
  JOURNALTITLE = {Astronomy {\&} Astrophysics},
  PAGES = {A97},
  TITLE = {{Treatment of overlapping gaseous absorption with the correlated-k method in hot Jupiter and brown dwarf atmosphere models}},
  VOLUME = {598},
}

@INPROCEEDINGS{tinetti2016ariel,
  AUTHOR = {Tinetti, G and Drossart, P and Eccleston, P and Hartogh, P and Heske, A and Leconte, J and Micela, G and Ollivier, M and Pilbratt, G and Puig, L and Turrini, D and Vandenbussche, B and Wolkenberg, P and Pascale, E and Beaulieu, J P and G{ü}del, M and Min, M and Rataj, M and Ray, T and Ribas, I and Barstow, J and Bowles, N and Coustenis, A and Coud{é} du Foresto, V and Decin, L and Encrenaz, T and Forget, F and Friswell, M and Griffin, M and Lagage, P O and Malaguti, P and Moneti, A and Morales, J C and Pace, E and Rocchetto, M and Sarkar, S and Selsis, F and Taylor, W and Tennyson, J and Venot, O and Waldmann, I P and Wright, G and Zingales, T and Zapatero-Osorio, M R},
  EDITOR = {MacEwen, Howard A and Fazio, Giovanni G and Lystrup, Makenzie and Batalha, Natalie and Siegler, Nicholas and Tong, Edward C},
  ORGANIZATION = {Univ. College London (United Kingdom)},
  PUBLISHER = {SPIE},
  BOOKTITLE = {Proceedings of the SPIE},
  DATE = {2016-07},
  PAGES = {99041X},
  TITLE = {{The science of ARIEL (Atmospheric Remote-sensing Infrared Exoplanet Large-survey)}},
}

@ARTICLE{winn201155cnce,
  AUTHOR = {Winn, Joshua N and Matthews, Jaymie M and Dawson, Rebekah I and Fabrycky, Daniel and Holman, Matthew J and Kallinger, Thomas and Kuschnig, Rainer and Sasselov, Dimitar and Dragomir, Diana and Guenther, David B and Moffat, Anthony F J and Rowe, Jason F and Rucinski, Slavek and Weiss, Werner W},
  DATE = {2011-08},
  JOURNALTITLE = {The Astrophysical Journal},
  NUMBER = {1},
  PAGES = {L18},
  TITLE = {{A Super-Earth Transiting a Naked-Eye Star }},
  VOLUME = {737},
}

@ARTICLE{demory201155cnce,
  AUTHOR = {Demory, B O and Gillon, M and Deming, D and Valencia, D and others},
  DATE = {2011-09},
  JOURNALTITLE = {Astronomy {\&} Astrophysics},
  PAGES = {A114},
  TITLE = {{Detection of a transit of the super-Earth 55 Cancri e with warm Spitzer}},
  VOLUME = {533},
}

@ARTICLE{showman2010superrotation,
  AUTHOR = {Showman, Adam P and Polvani, Lorenzo M},
  DATE = {2010-09},
  JOURNALTITLE = {Geophysical Research Letters},
  NUMBER = {1},
  PAGES = {L18811--n/a},
  TITLE = {{The Matsuno-Gill model and equatorial superrotation}},
  VOLUME = {37},
}

@ARTICLE{shell2004superrotation,
  AUTHOR = {Shell, Karen M and Held, Isaac M},
  DATE = {2004-12},
  JOURNALTITLE = {Journal of Atmospheric Sciences},
  NUMBER = {2},
  PAGES = {2928--2935},
  TITLE = {{Abrupt Transition to Strong Superrotation in an Axisymmetric Model of the Upper Troposphere.}},
  VOLUME = {61},
}

@ARTICLE{hammond2018wavemean,
  AUTHOR = {Hammond, Mark and Pierrehumbert, Raymond T},
  DATE = {2018-12},
  JOURNALTITLE = {The Astrophysical Journal},
  NUMBER = {1},
  PAGES = {65},
  TITLE = {{Wave-Mean Flow Interactions in the Atmospheric Circulation of Tidally Locked Planets}},
  VOLUME = {869},
}

@ARTICLE{thuburn1999zonalmean,
  AUTHOR = {Thuburn, John and Lagneau, Vincent},
  DATE = {1999-03},
  JOURNALTITLE = {Journal of Atmospheric Sciences},
  NUMBER = {5},
  PAGES = {689--710},
  TITLE = {{Eulerian Mean, Contour Integral, and Finite-Amplitude Wave Activity Diagnostics Applied to a Single-Layer Model of the Winter Stratosphere.}},
  VOLUME = {56},
}

@ARTICLE{cowan2011statistics,
  AUTHOR = {Cowan, Nicolas B and Agol, Eric},
  PUBLISHER = {IOP Publishing},
  DATE = {2011},
  JOURNALTITLE = {The Astrophysical Journal},
  NUMBER = {1},
  PAGES = {54},
  TITLE = {The statistics of albedo and heat recirculation on hot exoplanets},
  VOLUME = {729},
}

@ARTICLE{menou2012magnetic,
  AUTHOR = {Menou, Kristen},
  PUBLISHER = {IOP Publishing},
  DATE = {2012},
  JOURNALTITLE = {The Astrophysical Journal},
  NUMBER = {2},
  PAGES = {138},
  TITLE = {Magnetic scaling laws for the atmospheres of hot giant exoplanets},
  VOLUME = {745},
}

@ARTICLE{komacek2019atmospheric,
  AUTHOR = {Komacek, Thaddeus D and Abbot, Dorian S},
  PUBLISHER = {IOP Publishing},
  DATE = {2019},
  JOURNALTITLE = {The Astrophysical Journal},
  NUMBER = {2},
  PAGES = {245},
  TITLE = {The Atmospheric Circulation and Climate of Terrestrial Planets Orbiting Sun-like and M Dwarf Stars over a Broad Range of Planetary Parameters},
  VOLUME = {871},
}

@ARTICLE{ding2016convection,
  AUTHOR = {Ding, Feng and Pierrehumbert, Raymond T},
  PUBLISHER = {IOP Publishing},
  DATE = {2016},
  JOURNALTITLE = {The Astrophysical Journal},
  NUMBER = {1},
  PAGES = {24},
  TITLE = {Convection in condensible-rich atmospheres},
  VOLUME = {822},
}

@ARTICLE{pierrehumbert2016dynamics,
  AUTHOR = {Pierrehumbert, Raymond T and Ding, Feng},
  PUBLISHER = {The Royal Society Publishing},
  DATE = {2016},
  JOURNALTITLE = {Proceedings of the Royal Society A: Mathematical, Physical and Engineering Sciences},
  NUMBER = {2190},
  PAGES = {20160107},
  TITLE = {Dynamics of atmospheres with a non-dilute condensible component},
  VOLUME = {472},
}

@ARTICLE{read2018superrotation,
  AUTHOR = {Read, Peter L and Lebonnois, Sebastien},
  PUBLISHER = {Annual Reviews},
  DATE = {2018},
  JOURNALTITLE = {Annual Review of Earth and Planetary Sciences},
  PAGES = {175--202},
  TITLE = {Superrotation on Venus, on Titan, and elsewhere},
  VOLUME = {46},
}

@ARTICLE{gillon2012improved,
  AUTHOR = {Gillon, Micha{ë}l and Demory, B-O and Benneke, Bj{ö}rn and Valencia, Diana and Deming, Drake and Seager, Sara and Lovis, Ch and Mayor, Michel and Pepe, Francesco and Queloz, Didier and others},
  PUBLISHER = {EDP Sciences},
  DATE = {2012},
  JOURNALTITLE = {Astronomy \& Astrophysics},
  PAGES = {A28},
  TITLE = {Improved precision on the radius of the nearby super-Earth 55 Cnc e},
  VOLUME = {539},
}

@ARTICLE{dragomir2012most,
  AUTHOR = {Dragomir, Diana and Matthews, Jaymie M and Winn, Joshua N and Rowe, Jason F and others},
  PUBLISHER = {Cambridge University Press},
  DATE = {2012},
  JOURNALTITLE = {Proceedings of the International Astronomical Union},
  NUMBER = {S293},
  PAGES = {52--57},
  TITLE = {New MOST† Photometry of the 55 Cancri System},
  VOLUME = {8},
}

@ARTICLE{tsiaras2016detection,
  AUTHOR = {Tsiaras, A and Rocchetto, M and Waldmann, IP and Venot, Olivia and Varley, R and Morello, G and Damiano, M and Tinetti, G and Barton, EJ and Yurchenko, SN and others},
  PUBLISHER = {IOP Publishing},
  DATE = {2016},
  JOURNALTITLE = {The Astrophysical Journal},
  NUMBER = {2},
  PAGES = {99},
  TITLE = {Detection of an atmosphere around the super-Earth 55 Cancri e},
  VOLUME = {820},
}

@ARTICLE{von201155,
  AUTHOR = {Von Braun, Kaspar and Tabetha, S Boyajian and Theo, A and Kane, Stephen R and Van Belle, Gerard T and Ciardi, David R and Raymond, Sean N and L{ó}pez-Morales, Mercedes and McAlister, Harold A and Schaefer, Gail and others},
  PUBLISHER = {IOP Publishing},
  DATE = {2011},
  JOURNALTITLE = {The Astrophysical Journal},
  NUMBER = {1},
  PAGES = {49},
  TITLE = {55 Cancri: Stellar astrophysical parameters, a planet in the habitable zone, and implications for the radius of a transiting super-Earth},
  VOLUME = {740},
}

@ARTICLE{miguel2011compositions,
  AUTHOR = {Miguel, Y and Kaltenegger, L and Fegley, B and Schaefer, L},
  PUBLISHER = {IOP Publishing},
  DATE = {2011},
  JOURNALTITLE = {The Astrophysical Journal Letters},
  NUMBER = {2},
  PAGES = {L19},
  TITLE = {Compositions of hot super-Earth atmospheres: exploring Kepler candidates},
  VOLUME = {742},
}

@ARTICLE{wang2014instability,
  AUTHOR = {Wang, Peng and Mitchell, Jonathan L},
  DATE = {2014},
  JOURNALTITLE = {Geophysical Research Letters},
  NUMBER = {12},
  PAGES = {4118--4126},
  TITLE = {{Planetary ageostrophic instability leads to superrotation}},
  VOLUME = {41},
}

@ARTICLE{merlis2010atmospheric,
  AUTHOR = {Merlis, Timothy M and Schneider, Tapio},
  DATE = {2010-12},
  JOURNALTITLE = {Journal of Advances in Modeling Earth Systems},
  NUMBER = {4},
  PAGES = {13--n/a},
  TITLE = {{Atmospheric dynamics of Earth-like tidally locked aquaplanets}},
  VOLUME = {2},
}

@ARTICLE{heng2011atmospheric,
  AUTHOR = {Heng, Kevin and Frierson, Dargan M W and Phillipps, Peter J},
  DATE = {2011-10},
  JOURNALTITLE = {Monthly Notices of the Royal Astronomical Society},
  NUMBER = {4},
  PAGES = {2669--2696},
  TITLE = {{Atmospheric circulation of tidally locked exoplanets: II. Dual-band radiative transfer and convective adjustment}},
  VOLUME = {418},
}

@ARTICLE{koll2016temperature,
  AUTHOR = {Koll, Daniel D B and Abbot, Dorian S},
  DATE = {2016-07},
  JOURNALTITLE = {The Astrophysical Journal},
  NUMBER = {2},
  PAGES = {99},
  TITLE = {{Temperature Structure and Atmospheric Circulation of Dry Tidally Locked Rocky Exoplanets}},
  VOLUME = {825},
}

@ARTICLE{carone2014connecting,
  AUTHOR = {Carone, L and Keppens, R and Decin, L},
  DATE = {2014-09},
  JOURNALTITLE = {Monthly Notices of the Royal Astronomical Society},
  NUMBER = {1},
  PAGES = {930--945},
  TITLE = {{Connecting the dots: a versatile model for the atmospheres of tidally locked Super-Earths}},
  VOLUME = {445},
}

@ARTICLE{kataria2014atmospheric,
  AUTHOR = {Kataria, T and Showman, A P and Fortney, J J and Marley, M S and Freedman, R S},
  DATE = {2014-04},
  JOURNALTITLE = {The Astrophysical Journal},
  NUMBER = {2},
  PAGES = {92},
  TITLE = {{The Atmospheric Circulation of the Super Earth GJ 1214b: Dependence on Composition and Metallicity}},
  VOLUME = {785},
}

@ARTICLE{charnay20153d,
  AUTHOR = {Charnay, B and Meadows, V and Leconte, J},
  DATE = {2015-11},
  JOURNALTITLE = {The Astrophysical Journal},
  NUMBER = {1},
  PAGES = {15},
  TITLE = {{3D Modeling of GJ1214b's Atmosphere: Vertical Mixing Driven by an Anti-Hadley Circulation}},
  VOLUME = {813},
}

@ARTICLE{pierrehumbert2011hydrogen,
  AUTHOR = {Pierrehumbert, Raymond and Gaidos, Eric},
  DATE = {2011-06},
  JOURNALTITLE = {The Astrophysical Journal Letters},
  NUMBER = {1},
  PAGES = {L13},
  TITLE = {{Hydrogen Greenhouse Planets Beyond the Habitable Zone}},
  VOLUME = {734},
}

@ARTICLE{boutle2017proxima,
  AUTHOR = {Boutle, Ian A and Mayne, Nathan J and Drummond, Benjamin and Manners, James and Goyal, Jayesh and Hugo Lambert, F and Acreman, David M and Earnshaw, Paul D},
  DATE = {2017-05},
  JOURNALTITLE = {Astronomy {\&} Astrophysics},
  PAGES = {A120},
  TITLE = {{Exploring the climate of Proxima B with the Met Office Unified Model}},
  VOLUME = {601},
}

@ARTICLE{parmentier2016transitions,
  AUTHOR = {Parmentier, Vivien and Fortney, Jonathan J and Showman, Adam P and Morley, Caroline and Marley, Mark S},
  DATE = {2016-09},
  JOURNALTITLE = {The Astrophysical Journal},
  NUMBER = {1},
  PAGES = {22},
  TITLE = {{Transitions in the Cloud Composition of Hot Jupiters}},
  VOLUME = {828},
}

@ARTICLE{cowan2012thermal,
  AUTHOR = {Cowan, Nicolas B and Machalek, Pavel and Croll, Bryce and Shekhtman, Louis M and Burrows, Adam and Deming, Drake and Greene, Tom and Hora, Joseph L},
  PUBLISHER = {IOP Publishing},
  DATE = {2012},
  JOURNALTITLE = {The Astrophysical Journal},
  NUMBER = {1},
  PAGES = {82},
  TITLE = {Thermal phase variations of WASP-12b: Defying predictions},
  VOLUME = {747},
}

@ARTICLE{stevenson2014thermal,
  AUTHOR = {Stevenson, Kevin B and D{é}sert, Jean-Michel and Line, Michael R and Bean, Jacob L and Fortney, Jonathan J and Showman, Adam P and Kataria, Tiffany and Kreidberg, Laura and McCullough, Peter R and Henry, Gregory W and others},
  PUBLISHER = {American Association for the Advancement of Science},
  DATE = {2014},
  JOURNALTITLE = {Science},
  NUMBER = {6211},
  PAGES = {838--841},
  TITLE = {Thermal structure of an exoplanet atmosphere from phase-resolved emission spectroscopy},
  VOLUME = {346},
}

@ARTICLE{zellem2014hd209,
  AUTHOR = {Zellem, Robert T and Lewis, Nikole K and Knutson, Heather A and Griffith, Caitlin A and Showman, Adam P and Fortney, Jonathan J and Cowan, Nicolas B and Agol, Eric and Burrows, Adam and Charbonneau, David and others},
  PUBLISHER = {IOP Publishing},
  DATE = {2014},
  JOURNALTITLE = {The Astrophysical Journal},
  NUMBER = {1},
  PAGES = {53},
  TITLE = {The 4.5 $\mu$m full-orbit phase curve of the hot Jupiter HD 209458b},
  VOLUME = {790},
}

@ARTICLE{armstrong2017variability,
  AUTHOR = {Armstrong, David J and de Mooij, Ernst and Barstow, Joanna and Osborn, Hugh P and Blake, James and Saniee, N Fereshteh},
  PUBLISHER = {Nature Publishing Group},
  DATE = {2017},
  JOURNALTITLE = {Nature Astronomy},
  NUMBER = {1},
  PAGES = {0004},
  TITLE = {Variability in the atmosphere of the hot giant planet HAT-P-7 b},
  VOLUME = {1},
}

@ARTICLE{longuet1968tidal,
  AUTHOR = {Longuet-Higgins, Michael Selwyn},
  PUBLISHER = {The Royal Society London},
  DATE = {1968},
  JOURNALTITLE = {Philosophical Transactions of the Royal Society of London. Series A, Mathematical and Physical Sciences},
  NUMBER = {1132},
  PAGES = {511--607},
  TITLE = {The eigenfunctions of Laplace's tidal equation over a sphere},
  VOLUME = {262},
}

@ARTICLE{cowan2008inverting,
  AUTHOR = {Cowan, Nicolas B and Agol, Eric},
  PUBLISHER = {IOP Publishing},
  DATE = {2008},
  JOURNALTITLE = {The Astrophysical Journal Letters},
  NUMBER = {2},
  PAGES = {L129},
  TITLE = {Inverting phase functions to map exoplanets},
  VOLUME = {678},
}

@ARTICLE{wetzel2013sio,
  AUTHOR = {Wetzel, Steffen and Klevenz, Markus and Gail, H-P and Pucci, Annemarie and Trieloff, Mario},
  PUBLISHER = {EDP Sciences},
  DATE = {2013},
  JOURNALTITLE = {Astronomy \& Astrophysics},
  PAGES = {A92},
  TITLE = {Laboratory measurement of optical constants of solid SiO and application to circumstellar dust},
  VOLUME = {553},
}

@ARTICLE{mendoncca2018revisiting,
  AUTHOR = {Mendon{ç}a, Jo{ã}o M and Malik, Matej and Demory, Brice-Olivier and Heng, Kevin},
  PUBLISHER = {IOP Publishing},
  DATE = {2018},
  JOURNALTITLE = {The Astronomical Journal},
  NUMBER = {4},
  PAGES = {150},
  TITLE = {Revisiting the Phase Curves of WASP-43b: Confronting Re-analyzed Spitzer Data with Cloudy Atmospheres},
  VOLUME = {155},
}

@ARTICLE{held1980nonlinear,
  AUTHOR = {Held, Isaac M and Hou, Arthur Y},
  DATE = {1980},
  JOURNALTITLE = {Journal of the Atmospheric Sciences},
  NUMBER = {3},
  PAGES = {515--533},
  TITLE = {Nonlinear axially symmetric circulations in a nearly inviscid atmosphere},
  VOLUME = {37},
}

@ARTICLE{sugimoto2019fully,
  AUTHOR = {Sugimoto, Norihiko and Takagi, Masahiro and Matsuda, Yoshihisa},
  PUBLISHER = {Wiley Online Library},
  DATE = {2019},
  JOURNALTITLE = {Geophysical Research Letters},
  NUMBER = {3},
  PAGES = {1776--1784},
  TITLE = {Fully Developed Superrotation Driven by the Mean Meridional Circulation in a Venus GCM},
  VOLUME = {46},
}

@ARTICLE{laraia2015superrotation,
  AUTHOR = {Laraia, Anne L and Schneider, Tapio},
  DATE = {2015},
  JOURNALTITLE = {Journal of the Atmospheric Sciences},
  NUMBER = {11},
  PAGES = {4281--4296},
  TITLE = {{Superrotation in terrestrial atmospheres}},
  VOLUME = {72},
}

@ARTICLE{norton2006tropical,
  AUTHOR = {Norton, WA},
  DATE = {2006},
  JOURNALTITLE = {Journal of the atmospheric sciences},
  NUMBER = {5},
  PAGES = {1420--1431},
  TITLE = {{Tropical wave driving of the annual cycle in tropical tropopause temperatures. Part II: Model results}},
  VOLUME = {63},
}

@ARTICLE{hide1969dynamics,
  AUTHOR = {Hide, R},
  DATE = {1969},
  JOURNALTITLE = {Journal of the Atmospheric Sciences},
  NUMBER = {5},
  PAGES = {841--853},
  TITLE = {{Dynamics of the atmospheres of the major planets with an appendix on the viscous boundary layer at the rigid bounding surface of an electrically-conducting rotating fluid in the presence of a magnetic field}},
  VOLUME = {26},
}

@ARTICLE{read1986super,
  AUTHOR = {Read, PL},
  PUBLISHER = {Wiley Online Library},
  DATE = {1986},
  JOURNALTITLE = {Quarterly Journal of the Royal Meteorological Society},
  NUMBER = {471},
  PAGES = {253--272},
  TITLE = {{Super-rotation and diffusion of axial angular momentum: II. A review of quasi-axisymmetric models of planetary atmospheres}},
  VOLUME = {112},
}

@ARTICLE{lutsko2018response,
  AUTHOR = {Lutsko, Nicholas J},
  DATE = {2018},
  JOURNALTITLE = {Journal of the Atmospheric Sciences},
  NUMBER = {1},
  PAGES = {3--20},
  TITLE = {{The response of an idealized atmosphere to localized tropical heating: Superrotation and the breakdown of linear theory}},
  VOLUME = {75},
}

@ARTICLE{lin2004fv,
  AUTHOR = {Lin, Shian-Jiann},
  DATE = {2004},
  JOURNALTITLE = {Monthly Weather Review},
  NUMBER = {10},
  PAGES = {2293--},
  TITLE = {{A ``Vertically Lagrangian'' Finite-Volume Dynamical Core for Global Models}},
  VOLUME = {132},
}

@BOOK{pierrehumbert2010principles,
  AUTHOR = {Pierrehumbert, Raymond T},
  PUBLISHER = {Cambridge University Press},
  DATE = {2010},
  TITLE = {{Principles of Planetary Climate}},
}

@ARTICLE{goldreich1966q,
  AUTHOR = {Goldreich, Peter and Soter, Steven},
  PUBLISHER = {Elsevier},
  DATE = {1966},
  JOURNALTITLE = {Icarus},
  NUMBER = {1-6},
  PAGES = {375--389},
  TITLE = {{Q in the Solar System}},
  VOLUME = {5},
}

@ARTICLE{barnes2017tidal,
  AUTHOR = {Barnes, Rory},
  PUBLISHER = {Springer},
  DATE = {2017},
  JOURNALTITLE = {Celestial Mechanics and Dynamical Astronomy},
  NUMBER = {4},
  PAGES = {509--536},
  TITLE = {{Tidal locking of habitable exoplanets}},
  VOLUME = {129},
}

@ARTICLE{weinbaum1935lotus,
  AUTHOR = {Weinbaum, Stanley G.},
  PUBLISHER = {Street & Smith Publications},
  DATE = {1935},
  JOURNALTITLE = {Astounding Stories},
  NUMBER = {2},
  PAGES = {52--71},
  TITLE = {{The Lotus Eaters}},
  VOLUME = {15},
}

@ARTICLE{arcangeli2019climate,
  AUTHOR = {Arcangeli, Jacob and D{é}sert, Jean-Michel and Parmentier, Vivien and Stevenson, Kevin B and Bean, Jacob L and Line, Michael R and Kreidberg, Laura and Fortney, Jonathan J and Showman, Adam P},
  PUBLISHER = {EDP Sciences},
  DATE = {2019},
  JOURNALTITLE = {Astronomy \& Astrophysics},
  PAGES = {A136},
  TITLE = {{Climate of an ultra hot Jupiter-Spectroscopic phase curve of WASP-18b with HST/WFC3}},
  VOLUME = {625},
}

@ARTICLE{mcarthur2004detection,
  AUTHOR = {McArthur, Barbara E and Endl, Michael and Cochran, William D and Benedict, G Fritz and Fischer, Debra A and Marcy, Geoffrey W and Butler, R Paul and Naef, Dominique and Mayor, Michel and Queloz, Diedre and others},
  PUBLISHER = {IOP Publishing},
  DATE = {2004},
  JOURNALTITLE = {The Astrophysical Journal Letters},
  NUMBER = {1},
  PAGES = {L81},
  TITLE = {{Detection of a Neptune-mass planet in the $\rho$1 Cancri system using the Hobby-Eberly Telescope}},
  VOLUME = {614},
}

@ARTICLE{dawson2010radial,
  AUTHOR = {Dawson, Rebekah I and Fabrycky, Daniel C},
  PUBLISHER = {IOP Publishing},
  DATE = {2010},
  JOURNALTITLE = {The Astrophysical Journal},
  NUMBER = {1},
  PAGES = {937},
  TITLE = {{Radial velocity planets de-aliased: a new, short period for super-Earth 55 Cnc e}},
  VOLUME = {722},
}

@ARTICLE{joshi1997tidally,
  AUTHOR = {Joshi, MM and Haberle, RM and Reynolds, RT},
  PUBLISHER = {Elsevier},
  DATE = {1997},
  JOURNALTITLE = {Icarus},
  NUMBER = {2},
  PAGES = {450--465},
  TITLE = {Simulations of the atmospheres of synchronously rotating terrestrial planets orbiting M dwarfs: conditions for atmospheric collapse and the implications for habitability},
  VOLUME = {129},
}

@ARTICLE{majeau20122dmap,
  AUTHOR = {Majeau, Carl and Agol, Eric and Cowan, Nicolas B},
  PUBLISHER = {IOP Publishing},
  DATE = {2012},
  JOURNALTITLE = {The Astrophysical Journal Letters},
  NUMBER = {2},
  PAGES = {L20},
  TITLE = {A two-dimensional infrared map of the extrasolar planet HD 189733b},
  VOLUME = {747},
}

@ARTICLE{crida201855cnce,
  AUTHOR = {Crida, Aur{é}lien and Ligi, Roxanne and Dorn, Caroline and Lebreton, Yveline},
  PUBLISHER = {IOP Publishing},
  DATE = {2018},
  JOURNALTITLE = {The Astrophysical Journal},
  NUMBER = {2},
  PAGES = {122},
  TITLE = {Mass, radius, and composition of the transiting planet 55 Cnc e: using interferometry and correlations},
  VOLUME = {860},
}

@ARTICLE{winn2011super,
  AUTHOR = {Winn, Joshua N and Matthews, Jaymie M and Dawson, Rebekah I and Fabrycky, Daniel and Holman, Matthew J and Kallinger, Thomas and Kuschnig, Rainer and Sasselov, Dimitar and Dragomir, Diana and Guenther, David B and others},
  PUBLISHER = {IOP Publishing},
  DATE = {2011},
  JOURNALTITLE = {The Astrophysical Journal Letters},
  NUMBER = {1},
  PAGES = {L18},
  TITLE = {A super-Earth transiting a naked-eye star},
  VOLUME = {737},
}

@ARTICLE{lee2016dynamic,
  AUTHOR = {Lee, G and Dobbs-Dixon, Ian and Helling, Ch and Bognar, K and Woitke, P},
  PUBLISHER = {EDP Sciences},
  DATE = {2016},
  JOURNALTITLE = {Astronomy \& Astrophysics},
  PAGES = {A48},
  TITLE = {Dynamic mineral clouds on HD 189733b-I. 3D RHD with kinetic, non-equilibrium cloud formation},
  VOLUME = {594},
}

@ARTICLE{lines2018simulating,
  AUTHOR = {Lines, Stefan and Mayne, NJ and Boutle, Ian A and Manners, James and Lee, Graham Kim Huat and Helling, Ch and Drummond, Benjamin and Amundsen, David S and Goyal, Jayesh and Acreman, David M and others},
  PUBLISHER = {EDP Sciences},
  DATE = {2018},
  JOURNALTITLE = {Astronomy \& Astrophysics},
  PAGES = {A97},
  TITLE = {Simulating the cloudy atmospheres of HD 209458 b and HD 189733 b with the 3D Met Office Unified Model},
  VOLUME = {615},
}

@ARTICLE{leconte2015asynchronous,
  AUTHOR = {Leconte, J{é}r{é}my and Wu, Hanbo and Menou, Kristen and Murray, Norman},
  PUBLISHER = {American Association for the Advancement of Science},
  DATE = {2015},
  JOURNALTITLE = {Science},
  NUMBER = {6222},
  PAGES = {632--635},
  TITLE = {Asynchronous rotation of Earth-mass planets in the habitable zone of lower-mass stars},
  VOLUME = {347},
}

@ARTICLE{luger2019starry,
  AUTHOR = {Luger, Rodrigo and Agol, Eric and Foreman-Mackey, Daniel and Fleming, David P and Lustig-Yaeger, Jacob and Deitrick, Russell},
  PUBLISHER = {IOP Publishing},
  DATE = {2019},
  JOURNALTITLE = {The Astronomical Journal},
  NUMBER = {2},
  PAGES = {64},
  TITLE = {STARRY: Analytic occultation light curves},
  VOLUME = {157},
}

@ARTICLE{louden2015spatially,
  AUTHOR = {Louden, Tom and Wheatley, Peter J},
  PUBLISHER = {IOP Publishing},
  DATE = {2015},
  JOURNALTITLE = {The Astrophysical Journal Letters},
  NUMBER = {2},
  PAGES = {L24},
  TITLE = {Spatially resolved eastward winds and rotation of HD 189733b},
  VOLUME = {814},
}

@ARTICLE{brogi2016rotation,
  AUTHOR = {Brogi, M and De Kok, RJ and Albrecht, S and Snellen, IAG and Birkby, JL and Schwarz, H},
  PUBLISHER = {IOP Publishing},
  DATE = {2016},
  JOURNALTITLE = {The Astrophysical Journal},
  NUMBER = {2},
  PAGES = {106},
  TITLE = {Rotation and winds of exoplanet HD 189733 b measured with high-dispersion transmission spectroscopy},
  VOLUME = {817},
}

@ARTICLE{demory2015variability,
  AUTHOR = {Demory, Brice-Olivier and Gillon, Michael and Madhusudhan, Nikku and Queloz, Didier},
  PUBLISHER = {Oxford University Press},
  DATE = {2015},
  JOURNALTITLE = {Monthly Notices of the Royal Astronomical Society},
  NUMBER = {2},
  PAGES = {2018--2027},
  TITLE = {Variability in the super-Earth 55 Cnc e},
  VOLUME = {455},
}

@ARTICLE{dorn2018new,
  AUTHOR = {Dorn, Caroline and Harrison, John HD and Bonsor, Amy and Hands, Tom O},
  PUBLISHER = {Oxford University Press},
  DATE = {2018},
  JOURNALTITLE = {Monthly Notices of the Royal Astronomical Society},
  NUMBER = {1},
  PAGES = {712--727},
  TITLE = {A new class of Super-Earths formed from high-temperature condensates: HD219134 b, 55 Cnc e, WASP-47 e},
  VOLUME = {484},
}

@ARTICLE{thrastarson2010effects,
  AUTHOR = {Thrastarson, Heidar Th and Cho, James YK},
  PUBLISHER = {IOP Publishing},
  DATE = {2010},
  JOURNALTITLE = {The Astrophysical Journal},
  NUMBER = {1},
  PAGES = {144},
  TITLE = {Effects of initial flow on close-in planet atmospheric circulation},
  VOLUME = {716},
}

@ARTICLE{liu2013atmospheric,
  AUTHOR = {Liu, Beibei and Showman, Adam P},
  PUBLISHER = {IOP Publishing},
  DATE = {2013},
  JOURNALTITLE = {The Astrophysical Journal},
  NUMBER = {1},
  PAGES = {42},
  TITLE = {Atmospheric circulation of hot Jupiters: insensitivity to initial conditions},
  VOLUME = {770},
}

@ARTICLE{polichtchouk2014intercomparison,
  AUTHOR = {Polichtchouk, Inna and Cho, JY-K and Watkins, Chris and Thrastarson, H Th and Umurhan, Orkan M and de la Torre Ju{á}rez, M},
  PUBLISHER = {Elsevier},
  DATE = {2014},
  JOURNALTITLE = {Icarus},
  PAGES = {355--377},
  TITLE = {Intercomparison of general circulation models for hot extrasolar planets},
  VOLUME = {229},
}

@ARTICLE{cho2015sensitivity,
  AUTHOR = {Cho, JY-K and Polichtchouk, Inna and Thrastarson, H Th},
  PUBLISHER = {The Royal Astronomical Society},
  DATE = {2015},
  JOURNALTITLE = {Monthly Notices of the Royal Astronomical Society},
  NUMBER = {4},
  PAGES = {3423--3431},
  TITLE = {Sensitivity and variability redux in hot-Jupiter flow simulations},
  VOLUME = {454},
}

@ARTICLE{kataria2015atmospheric,
  AUTHOR = {Kataria, Tiffany and Showman, Adam P and Fortney, Jonathan J and Stevenson, Kevin B and Line, Michael R and Kreidberg, Laura and Bean, Jacob L and D{é}sert, Jean-Michel},
  PUBLISHER = {IOP Publishing},
  DATE = {2015},
  JOURNALTITLE = {The Astrophysical Journal},
  NUMBER = {2},
  PAGES = {86},
  TITLE = {The atmospheric circulation of the hot jupiter WASP-43b: Comparing three-dimensional models to spectrophotometric data},
  VOLUME = {801},
}

@ARTICLE{mendoncca2016thor,
  AUTHOR = {Mendon{ç}a, Jo{ã}o M and Grimm, Simon L and Grosheintz, Luc and Heng, Kevin},
  PUBLISHER = {IOP Publishing},
  DATE = {2016},
  JOURNALTITLE = {The Astrophysical Journal},
  NUMBER = {2},
  PAGES = {115},
  TITLE = {THOR: a new and flexible global circulation model to explore planetary atmospheres},
  VOLUME = {829},
}

@ARTICLE{ito2015theoretical,
  AUTHOR = {Ito, Yuichi and Ikoma, Masahiro and Kawahara, Hajime and Nagahara, Hiroko and Kawashima, Yui and Nakamoto, Taishi},
  PUBLISHER = {IOP Publishing},
  DATE = {2015},
  JOURNALTITLE = {The Astrophysical Journal},
  NUMBER = {2},
  PAGES = {144},
  TITLE = {Theoretical emission spectra of atmospheres of hot rocky super-Earths},
  VOLUME = {801},
}

@ARTICLE{miguel2018observability,
  AUTHOR = {Miguel, Yamila},
  PUBLISHER = {Oxford University Press},
  DATE = {2018},
  JOURNALTITLE = {Monthly Notices of the Royal Astronomical Society},
  NUMBER = {3},
  PAGES = {2893--2901},
  TITLE = {Observability of molecular species in a nitrogen dominated atmosphere for 55 Cancri e},
  VOLUME = {482},
}

@ARTICLE{kreidberg2019lhs,
  AUTHOR = {Kreidberg, Laura and Koll, Daniel D B and Morley, Caroline and Hu, Renyu and Schaefer, Laura and Deming, Drake and Stevenson, Kevin B and Dittmann, Jason and Vanderburg, Andrew and Berardo, David and Guo, Xueying and Stassun, Keivan and Crossfield, Ian and Charbonneau, David and Latham, David W and Loeb, Abraham and Ricker, George and Seager, Sara and Vanderspek, Roland},
  DATE = {2019},
  JOURNALTITLE = {Nature},
  TITLE = {{Absence of a thick atmosphere on the terrestrial exoplanet LHS~3844b}},
}

@ARTICLE{amundsen2016hd209,
  AUTHOR = {Amundsen, David S and Mayne, Nathan J and Baraffe, Isabelle and Manners, James and Tremblin, Pascal and Drummond, Benjamin and Smith, Chris and Acreman, David M and Homeier, Derek},
  PUBLISHER = {EDP Sciences},
  DATE = {2016},
  JOURNALTITLE = {Astronomy \& Astrophysics},
  PAGES = {A36},
  TITLE = {The UK Met Office global circulation model with a sophisticated radiation scheme applied to the hot Jupiter HD 209458b},
  VOLUME = {595},
}

@ARTICLE{rothman2010hitemp,
  AUTHOR = {Rothman, LS and Gordon, IE and Barber, RJ and Dothe, H and Gamache, RR and Goldman, A and Perevalov, VI and Tashkun, SA and Tennyson, J},
  PUBLISHER = {Elsevier},
  DATE = {2010},
  JOURNALTITLE = {Journal of Quantitative Spectroscopy and Radiative Transfer},
  NUMBER = {15},
  PAGES = {2139--2150},
  TITLE = {HITEMP, the high-temperature molecular spectroscopic database},
  VOLUME = {111},
}

@ARTICLE{courant1928partiellen,
  AUTHOR = {Courant, Richard and Friedrichs, Kurt and Lewy, Hans},
  PUBLISHER = {Springer},
  DATE = {1928},
  JOURNALTITLE = {Mathematische annalen},
  NUMBER = {1},
  PAGES = {32--74},
  TITLE = {{Ü}ber die partiellen Differenzengleichungen der mathematischen Physik},
  VOLUME = {100},
}

@ARTICLE{madhusudhan2016exoplanetary,
  AUTHOR = {Madhusudhan, Nikku and Ag{ú}ndez, Marcelino and Moses, Julianne I and Hu, Yongyun},
  PUBLISHER = {Springer},
  DATE = {2016},
  JOURNALTITLE = {Space science reviews},
  NUMBER = {1-4},
  PAGES = {285--348},
  TITLE = {Exoplanetary atmospheres—chemistry, formation conditions, and habitability},
  VOLUME = {205},
}

@ARTICLE{madhusudhan2012possible,
  AUTHOR = {Madhusudhan, Nikku and Lee, Kanani KM and Mousis, Olivier},
  PUBLISHER = {IOP Publishing},
  DATE = {2012},
  JOURNALTITLE = {The Astrophysical Journal Letters},
  NUMBER = {2},
  PAGES = {L40},
  TITLE = {A possible carbon-rich interior in super-Earth 55 Cancri e},
  VOLUME = {759},
}

@ARTICLE{moses2014chemical,
  AUTHOR = {Moses, Julianne I},
  PUBLISHER = {The Royal Society Publishing},
  DATE = {2014},
  JOURNALTITLE = {Philosophical Transactions of the Royal Society A: Mathematical, Physical and Engineering Sciences},
  NUMBER = {2014},
  PAGES = {20130073},
  TITLE = {Chemical kinetics on extrasolar planets},
  VOLUME = {372},
}

@ARTICLE{held1994proposal,
  AUTHOR = {Held, Isaac M and Suarez, Max J},
  PUBLISHER = {American Meteorological Society},
  DATE = {1994},
  JOURNALTITLE = {Bulletin of the american Meteorological society},
  NUMBER = {10},
  PAGES = {1825--1830},
  TITLE = {A proposal for the intercomparison of the dynamical cores of atmospheric general circulation models},
  VOLUME = {75},
}

@ARTICLE{showman2002atmospheric,
  AUTHOR = {Showman, Adam P and Guillot, Tristan},
  PUBLISHER = {EDP Sciences},
  DATE = {2002},
  JOURNALTITLE = {Astronomy \& Astrophysics},
  NUMBER = {1},
  PAGES = {166--180},
  TITLE = {Atmospheric circulation and tides of “51 Pegasus b-like” planets},
  VOLUME = {385},
}

@ARTICLE{drummond2018observable,
  AUTHOR = {Drummond, Benjamin and Mayne, NJ and Manners, James and Carter, Aarynn L and Boutle, Ian A and Baraffe, Isabelle and H{é}brard, {É} and Tremblin, Pascal and Sing, David K and Amundsen, David S and others},
  PUBLISHER = {IOP Publishing},
  DATE = {2018},
  JOURNALTITLE = {The Astrophysical Journal Letters},
  NUMBER = {2},
  PAGES = {L31},
  TITLE = {Observable signatures of wind-driven chemistry with a fully consistent three-dimensional radiative hydrodynamics model of HD 209458b},
  VOLUME = {855},
}

@ARTICLE{mayne2014unified,
  AUTHOR = {Mayne, Nathan J and Baraffe, Isabelle and Acreman, David M and Smith, Chris and Browning, Matthew K and Amundsen, David Sk{å}lid and Wood, Nigel and Thuburn, John and Jackson, David R},
  PUBLISHER = {EDP Sciences},
  DATE = {2014},
  JOURNALTITLE = {Astronomy \& Astrophysics},
  PAGES = {A1},
  TITLE = {The unified model, a fully-compressible, non-hydrostatic, deep atmosphere global circulation model, applied to hot Jupiters-ENDGame for a HD 209458b test case},
  VOLUME = {561},
}

@ARTICLE{mayne2019limits,
  AUTHOR = {Mayne, Nathan J and Drummond, B and Debras, F and Jaupart, E and Manners, J and Boutle, Ian A and Baraffe, I and Kohary, K},
  PUBLISHER = {IOP Publishing},
  DATE = {2019},
  JOURNALTITLE = {The Astrophysical Journal},
  NUMBER = {1},
  PAGES = {56},
  TITLE = {The Limits of the Primitive Equations of Dynamics for Warm, Slowly Rotating Small Neptunes and Super Earths},
  VOLUME = {871},
}

@ARTICLE{parmentier20133d,
  AUTHOR = {Parmentier, Vivien and Showman, Adam P and Lian, Yuan},
  PUBLISHER = {EDP Sciences},
  DATE = {2013},
  JOURNALTITLE = {Astronomy \& Astrophysics},
  PAGES = {A91},
  TITLE = {3D mixing in hot Jupiters atmospheres-I. Application to the day/night cold trap in HD 209458b},
  VOLUME = {558},
}

@ARTICLE{perez2013atmospheric,
  AUTHOR = {Perez-Becker, Daniel and Showman, Adam P},
  PUBLISHER = {IOP Publishing},
  DATE = {2013},
  JOURNALTITLE = {The Astrophysical Journal},
  NUMBER = {2},
  PAGES = {134},
  TITLE = {Atmospheric heat redistribution on hot Jupiters},
  VOLUME = {776},
}

@ARTICLE{dunkerton1990laplace,
  AUTHOR = {Dunkerton, Timothy J},
  DATE = {1990-06},
  JOURNALTITLE = {Journal of Atmospheric Sciences},
  NUMBER = {1},
  PAGES = {1288--1301},
  TITLE = {{Eigenfrequencies and Horizontal Structure of Divergent Barotropic Instability Originating in Tropical Latitudes.}},
  VOLUME = {47},
}

@INPROCEEDINGS{pekeris1975laplace,
  AUTHOR = {Pekeris, C L},
  BOOKTITLE = {Proceedings of the Royal Society of London. Series A},
  DATE = {1975-06},
  PAGES = {81--86},
  TITLE = {{A Derivation of Laplace's Tidal Equation from the Theory of Inertial Oscillations}},
}

